% Encoding: UTF-8

@Article{Joensen2015,
  author    = {Katrine G. Joensen and others},
  title     = {Rapid and {EasyIn} {SilicoSerotyping} of Escherichia coli Isolates by Use of Whole-Genome Sequencing Data},
  journal   = {Journal of Clinical Microbiology},
  year      = {2015},
  volume    = {53},
  number    = {8},
  pages     = {2410--2426},
  month     = {may},
  doi       = {10.1128/jcm.00008-15},
  editor    = {K. C. Carroll},
  publisher = {American Society for Microbiology},
  url       = {https://doi.org/10.1128%2Fjcm.00008-15},
}

@Article{Ingle2016,
  author    = {Danielle J. Ingle and others},
  title     = {In silico serotyping of E. coli from short read data identifies limited novel O-loci but extensive diversity of O:H serotype combinations within and between pathogenic lineages},
  journal   = {Microbial Genomics},
  year      = {2016},
  volume    = {2},
  number    = {7},
  month     = {jul},
  doi       = {10.1099/mgen.0.000064},
  publisher = {Microbiology Society},
  url       = {https://doi.org/10.1099%2Fmgen.0.000064},
}

@Article{Jenkins2015,
  author    = {Claire Jenkins},
  title     = {Whole-Genome Sequencing Data for Serotyping Escherichia coli{\textemdash}It{\textquotesingle}s Time for a Change!},
  journal   = {Journal of Clinical Microbiology},
  year      = {2015},
  volume    = {53},
  number    = {8},
  pages     = {2402--2403},
  month     = {jun},
  doi       = {10.1128/jcm.01448-15},
  editor    = {K. C. Carroll},
  publisher = {American Society for Microbiology},
  url       = {https://doi.org/10.1128%2Fjcm.01448-15},
}

@Article{CARRILLO2016,
  author    = {Catherine D. Carrillo and others},
  title     = {Comparative Evaluation of Genomic and Laboratory Approaches for Determination of Shiga Toxin Subtypes in Escherichia coli},
  journal   = {Journal of Food Protection},
  year      = {2016},
  volume    = {79},
  number    = {12},
  pages     = {2078--2085},
  month     = {dec},
  doi       = {10.4315/0362-028x.jfp-16-228},
  publisher = {International Association for Food Protection},
  url       = {https://doi.org/10.4315%2F0362-028x.jfp-16-228},
}

@Article{Revell2011,
  author    = {Liam J. Revell},
  title     = {phytools: an R package for phylogenetic comparative biology (and other things)},
  journal   = {Methods in Ecology and Evolution},
  year      = {2011},
  volume    = {3},
  number    = {2},
  pages     = {217--223},
  month     = {dec},
  doi       = {10.1111/j.2041-210x.2011.00169.x},
  publisher = {Wiley-Blackwell},
  url       = {https://doi.org/10.1111%2Fj.2041-210x.2011.00169.x},
}

@Manual{,
  title        = {R: A Language and Environment for Statistical Computing},
  author       = {{R Core Team}},
  organization = {R Foundation for Statistical Computing},
  address      = {Vienna, Austria},
  year         = {2016},
  url          = {http://www.R-project.org/},
}

@Article{Katoh2013,
  author    = {K. Katoh and D. M. Standley},
  title     = {{MAFFT} Multiple Sequence Alignment Software Version 7: Improvements in Performance and Usability},
  journal   = {Molecular Biology and Evolution},
  year      = {2013},
  volume    = {30},
  number    = {4},
  pages     = {772--780},
  month     = {jan},
  doi       = {10.1093/molbev/mst010},
  publisher = {Oxford University Press ({OUP})},
  url       = {https://doi.org/10.1093%2Fmolbev%2Fmst010},
}

@Article{Price2010,
  author        = {Morgan N. Price and others},
  title         = {{FastTree} 2 {\textendash} Approximately Maximum-Likelihood Trees for Large Alignments},
  journal       = {{PLoS} {ONE}},
  year          = {2010},
  volume        = {5},
  number        = {3},
  pages         = {e9490},
  month         = {mar},
  __markedentry = {[matt:]},
  doi           = {10.1371/journal.pone.0009490},
  editor        = {Art F. Y. Poon},
  publisher     = {Public Library of Science ({PLoS})},
  url           = {https://doi.org/10.1371%2Fjournal.pone.0009490},
}

@Article{Camacho2009,
  author        = {Christiam Camacho and others},
  title         = {{BLAST}$+$: architecture and applications},
  journal       = {{BMC} Bioinformatics},
  year          = {2009},
  volume        = {10},
  number        = {1},
  pages         = {421},
  __markedentry = {[matt:6]},
  doi           = {10.1186/1471-2105-10-421},
  publisher     = {Springer Nature},
  url           = {https://doi.org/10.1186%2F1471-2105-10-421},
}

@article{DebRoy2016,
  doi = {10.1371/journal.pone.0147434},
  url = {https://doi.org/10.1371%2Fjournal.pone.0147434},
  year  = {2016},
  month = {jan},
  publisher = {Public Library of Science ({PLoS})},
  volume = {11},
  number = {1},
  pages = {e0147434},
  author = {Chitrita DebRoy and others},
  editor = {Dov Joseph Stekel},
  title = {Comparison of O-Antigen Gene Clusters of All O-Serogroups of Escherichia coli and Proposal for Adopting a New Nomenclature for O-Typing},
  journal = {{PLOS} {ONE}}
}

@Comment{jabref-meta: databaseType:bibtex;}
